<record><leader>00000cas a22000007a 4500</leader><controlfield tag="001">13918729</controlfield><controlfield tag="008">860723d19071920utuwr ne      0    0eng d</controlfield><datafield ind1=" " ind2=" " tag="010"><subfield code="a">sn 86091399 </subfield></datafield><datafield ind1=" " ind2=" " tag="040"><subfield code="a">UNP</subfield><subfield code="b">eng</subfield><subfield code="c">UNP</subfield><subfield code="d">OCLCQ</subfield></datafield><datafield ind1=" " ind2=" " tag="042"><subfield code="a">msc</subfield></datafield><datafield ind1="0" ind2="0" tag="245"><subfield code="a">Green River dispatch.</subfield></datafield><datafield ind1=" " ind2=" " tag="260"><subfield code="a">Green River, Utah :</subfield><subfield code="b">[J.W. Thompson and B.F. Miller]</subfield></datafield><datafield ind1=" " ind2=" " tag="300"><subfield code="a">v. :</subfield><subfield code="b">ill. ;</subfield><subfield code="c">55 cm.</subfield></datafield><datafield ind1=" " ind2=" " tag="310"><subfield code="a">Weekly</subfield></datafield><datafield ind1="1" ind2=" " tag="362"><subfield code="a">Began with Feb. 12, 1907 issue; ceased with July 29, 1920 issue.</subfield><subfield code="z">Cf. Alter, J.C. Early Utah journalism.</subfield></datafield><datafield ind1=" " ind2=" " tag="500"><subfield code="a">Publishers' names recorded in: Alter, J.C. Early Utah journalism.</subfield></datafield><datafield ind1=" " ind2=" " tag="525"><subfield code="a">Supplement accompanies Oct. 18, 1917 issue.</subfield></datafield><datafield ind1=" " ind2=" " tag="588"><subfield code="a">Description based on: Vol. 11, no. 38 (Oct. 18, 1917).</subfield></datafield><datafield ind1=" " ind2=" " tag="752"><subfield code="a">United States</subfield><subfield code="b">Utah</subfield><subfield code="c">Emery</subfield><subfield code="d">Green River.</subfield></datafield></record>